<?xml version="1.0" encoding="UTF-8"?>
<record xmlns="http://www.loc.gov/MARC21/slim">
   <leader>02319cam a2200481 a 4500</leader>
   <controlfield tag="001">621738</controlfield>
   <controlfield tag="003">NjP</controlfield>
   <controlfield tag="005">20190705141045.0</controlfield>
   <controlfield tag="008">900222m19369999iq       b    000 0 ara d</controlfield>
   <datafield tag="024" ind1="7" ind2=" ">
      <subfield code="a">princeton_aco004987</subfield>
      <subfield code="2">local</subfield>
   </datafield>
   <datafield ind1=" " ind2=" " tag="035">
      <subfield code="a">(CStRLIN)NJPG90-B8642</subfield>
   </datafield>
   <datafield ind1=" " ind2=" " tag="035">
      <subfield code="9">ACV7879TS</subfield>
   </datafield>
   <datafield ind1=" " ind2=" " tag="035">
      <subfield code="a">(NjP)621738</subfield>
   </datafield>
   <datafield ind1=" " ind2=" " tag="035">
      <subfield code="a">621738</subfield>
   </datafield>
   <datafield ind1=" " ind2=" " tag="040">
      <subfield code="a">NjP</subfield>
      <subfield code="c">PUL</subfield>
      <subfield code="d">PUL</subfield>
   </datafield>
   <datafield ind1=" " ind2=" " tag="049">
      <subfield code="a">PULL</subfield>
   </datafield>
   <datafield ind1=" " ind2=" " tag="019">
      <subfield code="a">20352396</subfield>
      <subfield code="a">23502357</subfield>
      <subfield code="a">54560110</subfield>
   </datafield>
   <datafield ind1=" " ind2=" " tag="035">
      <subfield code="a">(OCoLC)ocm15968565</subfield>
      <subfield code="z">(OCoLC)ocm20352396</subfield>
      <subfield code="z">(OCoLC)ocm23502357</subfield>
      <subfield code="z">(OCoLC)ocm54560110</subfield>
   </datafield>
   <datafield ind1="1" ind2=" " tag="100">
      <subfield code="a">Āghā Buzurg al-Ṭihrānī, Muḥammad Muḥsin,</subfield>
      <subfield code="d">1875-1970.</subfield>
      <subfield code="0">http://id.loc.gov/authorities/names/n88254131</subfield>
   </datafield>
   <datafield ind1="1" ind2="3" tag="245">
      <subfield code="6">880-01</subfield>
      <subfield code="a">al-Dharīʻah ilá taṣānīf al-Shīʻah /</subfield>
      <subfield code="c">taʼlīf Muḥammad al-shahīr bi-al-Shaykh Āghā Buzurg al-Ṭihrānī.</subfield>
   </datafield>
   <datafield ind1=" " ind2=" " tag="260">
      <subfield code="6">880-02</subfield>
      <subfield code="a">al-Najaf :</subfield>
      <subfield code="b">Maṭbaʻat al-Ghará,</subfield>
      <subfield code="c">1936-</subfield>
   </datafield>
   <datafield ind1=" " ind2=" " tag="300">
      <subfield code="a">v. ;</subfield>
      <subfield code="c">25 cm.</subfield>
   </datafield>
   <datafield ind1=" " ind2=" " tag="500">
      <subfield code="a">Title on added t.p.: Bibliography of Shiʼite's literary works.</subfield>
   </datafield>
   <datafield ind1=" " ind2=" " tag="500">
      <subfield code="a">Imprint varies.</subfield>
   </datafield>
   <datafield ind1=" " ind2=" " tag="500">
      <subfield code="6">880-03</subfield>
      <subfield code="a">Vol. 26: Mustadrakāt al-muʼallif.</subfield>
   </datafield>
   <datafield ind1=" " ind2=" " tag="500">
      <subfield code="a">Contains various eds. of some vols.</subfield>
   </datafield>
   <datafield ind1=" " ind2=" " tag="500">
      <subfield code="6">880-04</subfield>
      <subfield code="a">Added supplement has title: Muqaddimat kitāb al-Dharīʻah ilá taṣānīf al-Shīʻah.</subfield>
   </datafield>
   <datafield ind1=" " ind2="0" tag="650">
      <subfield code="a">Shiites</subfield>
      <subfield code="x">Bio-bibliography.</subfield>
   </datafield>
   <datafield ind1=" " ind2="0" tag="650">
      <subfield code="a">Islamic literature</subfield>
      <subfield code="x">Bibliography.</subfield>
   </datafield>
   <datafield ind1="0" ind2=" " tag="740">
      <subfield code="a">Bibliography of Shiʼite's literary works.</subfield>
   </datafield>
   <datafield ind1="0" ind2=" " tag="740">
      <subfield code="6">880-05</subfield>
      <subfield code="a">Muqaddimat kitāb al-Dharīʻah ilá taṣānīf al-Shīʻah</subfield>
   </datafield>
   <datafield ind1="1" ind2="2" tag="880">
      <subfield code="6">245-01/r</subfield>
      <subfield code="a">الذريعة الى تصانيف الشيعة /</subfield>
      <subfield code="c">تأليف محمد الشهير بالشيخ آغا بزرگ الطهراني.</subfield>
   </datafield>
   <datafield ind1=" " ind2=" " tag="880">
      <subfield code="6">260-02/r</subfield>
      <subfield code="a">النجف :</subfield>
      <subfield code="b">مطبعة الغرى،</subfield>
      <subfield code="c">1936-</subfield>
   </datafield>
   <datafield ind1=" " ind2=" " tag="880">
      <subfield code="6">500-03/r</subfield>
      <subfield code="a">Vol. 26: مستدركات المؤلف.</subfield>
   </datafield>
   <datafield ind1=" " ind2=" " tag="880">
      <subfield code="6">500-04‏/r</subfield>
      <subfield code="a">Added supplement has title: مقدمة كتاب الذريعة إلى تصانيف الشيعة.</subfield>
   </datafield>
   <datafield ind1="0" ind2=" " tag="880">
      <subfield code="6">740-05‏/r</subfield>
      <subfield code="a">مقدمة كتاب الذريعة إلى تصانيف الشيعة</subfield>
   </datafield>
   <datafield ind1=" " ind2=" " tag="998">
      <subfield code="s">9124</subfield>
      <subfield code="a">03/06/90</subfield>
      <subfield code="b">XXX</subfield>
      <subfield code="c">JEB</subfield>
      <subfield code="d">02/22/90</subfield>
      <subfield code="i">900306</subfield>
      <subfield code="l">NJPG</subfield>
      <subfield code="n">NjP</subfield>
      <subfield code="w">DCLC651235B</subfield>
   </datafield>
   <datafield ind1=" " ind2=" " tag="948">
      <subfield code="a">CON PC1</subfield>
   </datafield>
   <datafield ind1=" " ind2=" " tag="911">
      <subfield code="a">19921028</subfield>
   </datafield>
   <datafield ind1=" " ind2=" " tag="912">
      <subfield code="a">19910104000000.0</subfield>
   </datafield>
   <datafield ind1=" " ind2=" " tag="994">
      <subfield code="a">C0</subfield>
      <subfield code="b">PUL</subfield>
   </datafield>
   <datafield ind1=" " ind2=" " tag="999">
      <subfield code="a">621738</subfield>
   </datafield>
   <datafield ind1=" " ind2=" " tag="979">
      <subfield code="a">(OCoLC)ocn176056088</subfield>
   </datafield>
   <datafield ind1="0" ind2=" " tag="852">
      <subfield code="0">682401</subfield>
      <subfield code="b">nec</subfield>
      <subfield code="h">Z7835.M6</subfield>
      <subfield code="i">A343 1936</subfield>
   </datafield>
   <datafield ind1=" " ind2="0" tag="866">
      <subfield code="0">682401</subfield>
      <subfield code="a">Vol. 1-v. 26; suppl.</subfield>
   </datafield>
   <datafield ind1="0" ind2="0" tag="852">
      <subfield code="0">682402</subfield>
      <subfield code="b">sne</subfield>
      <subfield code="t">1</subfield>
      <subfield code="h">Z7835.M6</subfield>
      <subfield code="i">A343 1936</subfield>
   </datafield>
   <datafield ind1=" " ind2=" " tag="959">
      <subfield code="a">2000-06-13 00:00:00 -0400</subfield>
   </datafield>
</record>
